
@Article{       alt96,
  author =	 "LK Altman",
  title =	 "The {I}ngelfinger rule, embargoes, and journal peer
                  review - {P}art 1",
  year =	 1996,
  volume =	 347,
  number =	 9012,
  journal =	 {The Lancet},
  pages =	 "1382--1386"
}

@Unpublished{   rea12,
          author = "ML Reaves and S Sinha and JD Rabinowitz and L Kruglyak and RJ Redfield",
           title = "Absence of arsenate in {DNA} from arsenate-grown {GFAJ-1} cells",
            year = "2012",
          eprint = "1201.6643",
   archivePrefix = "arXiv",
    SLACcitation = "%%CITATION=1201.6643;%%"
}

@Article{   hoc12,
    author      = "ME Hochberg",
    title       = "Good science depends on good peer-review",
    journal     = "https://sites.google.com/site/perspectivesinpublishing/our-mission",
    year        = "2012"
}

@Article{       abb12,
    author      = "JK Abbott",
    title       = "Morph-specific and sex-specific temperature effects on
morphology in the colour polymorphic damselfly Ischnura elegans",
    journal     = "Animal Biology",
    year        = "2012"
}

@Article{       pra05,
    author      = "ER Prakasan and A Sagar and VL Kalyane and A Kumar and S Harnad",
    title       = "Minimum impact and immediacy of citations to physics open
archives of ar{X}iv.org: {S}cience {C}itation {I}ndex based reports.",
    journal     = "cogprints",
    year        = 2005,
    pages       = 4272
}

@Article{	  kru12,
  author	= "P Krugman",
  title		= "Open Science And The Econoblogosphere",
  year		= "2012",
  url           = "http://krugman.blogs.nytimes.com/2012/01/17/open-science-and-the-econoblogosphere/"
}

@Article{	  xie12,
  author	= "Y Xie",
  title		= "{knitr}: {A} general-purpose package for dynamic report generation in {R}",
  year		= "2012",
  journal       = "http://yihui.name/knitr/"
}

@Article{	  gin11,
  author	= "P Ginsparg",
  title		= "{ArXiv} at 20",
  journal	= "Nature",
  year		= "2011",
  volume        = "476",
  pages		= "145--147"
}

@Article{	  cal12,
  author	= "E Callaway",
  title		= "Geneticists eye the potential of {arXiv}",
  journal	= "Nature",
  year		= "2012",
  volume        = "488",
  pages		= "19"
}

@Article{	  nat05,
  author	= "Nature Editorial Board",
  title		= "Nature respects preprint servers",
  journal	= "Nature",
  year		= "2005",
  volume        = "434",
  pages		= "257"
}

@Unpublished{2002math.....11159P,
  author =	 "G Perelman",
  title =	 "The entropy formula for the {R}icci flow and its
                  geometric applications",
  year =	 "2002",
  journal =	 {{arXiv:math/0211159}},
  archivePrefix ="arXiv",
  SLACcitation = "\%\%CITATION=MATH/0211150;\%\%"
}

@Article{arxiv_future,
  author = 	 "Cornell University Libraries",
  title = 	 "Ensuring ar{X}iv's future",
  journal = 	 "http://news.library.cornell.edu/news/120828/arXiv",
  year = 	 "2012",
}

@article{jackson2002preprints,
  title = "From preprints to e-prints: the rise of electronic preprint servers
in mathematics",
  author = "A Jackson",
  journal = "Notices of the American Mathematical Society",
  volume = "49",
  number = "1",
  year = "2002",
}

@article{de2011contribution,
  title = "The contribution of statistical physics to evolutionary biology",
  author = "HP {de Vladar} and NH Barton",
  journal = "Trends in Ecology \& Evolution",
  year = "2011",
}

@article {JEB:JEB2378,
  author =	 "SA Frank",
  title =	 "Natural selection. {I}. {V}ariable environments and uncertain returns on investment",
  journal =	 "Journal of Evolutionary Biology",
  volume =	 "24",
  number =	 "11",
  pages =	 "2299--2309",
  year =	 "2011",
}

@article {JEB:JEB2373,
  author =	 "SA Frank",
  title =	 "Natural selection. {II}. {D}evelopmental variability and evolutionary rate",
  journal =	 "Journal of Evolutionary Biology",
  volume =	 "24",
  number =	 "11",
  pages =	 "2310--2320",
  year =	 "2011",
}

@article {JEB:JEB2431,
  author =	 "SA Frank",
  title =	 "Natural selection. {III}. {S}election versus transmission and the levels of selection",
  journal =	 "Journal of Evolutionary Biology",
  volume =	 "25",
  number =	 "2",
  pages =	 "227--243",
  year =	 "2012",
}

@article {JEB:JEB2498,
  author =	 "SA Frank",
  title =	 "Natural selection. {IV}. {T}he {P}rice equation",
  journal =	 "Journal of Evolutionary Biology",
  volume =	 "25",
  number =	 "6",
  pages =	 "1002--1019",
  year =	 "2012",
}

